@article{10.7554/eLife.78677,
  author = {Dimakopoulos, Vasileios and Mégevand, Pierre and Stieglitz, Lennart H and Imbach, Lukas and Sarnthein, Johannes},
  editor = {Griffiths, Timothy D and Colgin, Laura L},
  title = {Information flows from hippocampus to auditory cortex during replay of verbal working memory items},
  journal = {eLife},
  volume = {11},
  year = {2022},
  month = {aug},
  pub_date = {2022-08-12},
  pages = {e78677},
  doi = {10.7554/eLife.78677},
  url = {https://doi.org/10.7554/eLife.78677},
  keywords = {Granger causality, phase-locking value, auditory cortex, theta rhythm},
  issn = {2050-084X},
  publisher = {eLife Sciences Publications, Ltd},
}

@dataset{ds004752:1.0.0,
  author = {Vasileios Dimakopoulos and Pierre Mégevand and Lennart Stieglitz and Lukas Imbach and Johannes Sarnthein},
  title = {Dataset of intracranial EEG, scalp EEG and beamforming sources from epilepsy patients performing a verbal working memory task},
  year = {2023},
  doi = {10.18112/openneuro.ds004752.v1.0.0},
  publisher = {OpenNeuro}
}

@article{Gorgolewski2016,
  author = {Gorgolewski, Krzysztof J. and Auer, Tibor and Calhoun, Vince D. and Craddock, R. Cameron and Das, Samir and Duff, Eugene P. and Flandin, Guillaume and Ghosh, Satrajit S. and Glatard, Tristan and Halchenko, Yaroslav O. and Handwerker, Daniel A. and Hanke, Michael and Keator, David and Li, Xiangrui and Michael, Zachary and Maumet, Camille and Nichols, B. Nolan and Nichols, Thomas E. and Pellman, John and Poline, Jean-Baptiste and Rokem, Ariel and Schaefer, Gunnar and Sochat, Vanessa and Triplett, William and Turner, Jessica A. and Varoquaux, Gaël and Poldrack, Russell A.},
  title = {The brain imaging data structure, a format for organizing and describing outputs of neuroimaging experiments},
  journal = {Scientific Data},
  volume = {3},
  number = {1},
  pages = {160044},
  year = {2016},
  doi = {10.1038/sdata.2016.44},
  url = {https://doi.org/10.1038/sdata.2016.44},
}

@article{EEGNet,
	doi = {10.1088/1741-2552/aace8c},  
	url = {https://doi.org/10.1088%2F1741-2552%2Faace8c},  
	year = 2018,
	month = {jul},  
	publisher = {{IOP} Publishing},  
	volume = {15},  
	number = {5},
  
	pages = {056013},
  
	author = {Vernon J Lawhern and Amelia J Solon and Nicholas R Waytowich and Stephen M Gordon and Chou P Hung and Brent J Lance},
  
	title = {{EEGNet}: a compact convolutional neural network for {EEG}-based brain{\textendash}computer interfaces},
  
	journal = {Journal of Neural Engineering}
}